@book{Sahimi,
  author = "Muhammad Sahimi",
  title = "Applications of Percolation Theory",
  year = 1994,
  publisher = "Taylor \& Francis",
  address = "University of Southern California",
}

@book{Stauffer,
  author = "Dietrich Stauffer, Amnon Aharony",
  title = "Introduction to Percolation Theory",
  year = 1991,
  publisher = "Taylor \& Francis",
  address = "11 New Fetter Lane, London EC4P 4EE"
}

@article{Kenah,
  author = "Eben Kenah, Joel C. Miller",
  title = "Epidemic Percolation Networks, Epidemic Outcomes, and Interventions",
  year = 2011,
  journal = "Interdisciplinary Perspectives on Infectious Diseases",
  publisher = "Hindawi Publishing Corporation"
}

@article{Pak,
  author = "Sang Il Pak, Tomohisa Hayakawa",
  title = "Forest Fire Modelling Using Cellular Automata and Percolation Threshold Analysis",
  year = 2011,
  journal = "Department of Mechanical and Environmental Informatics",
  publisher = "Tokyo Institute of Technology"
}

@article{Li,
  author = "Daqing Li, Bowen Fu, Yunpeng Wang, Guangquan Lu, Yehiel Berezin, H. Eugene Stanley, Shlomo Havlin",
  title = "Percolation transition in dynamical traffic network with evolving critical bottlenecks",
  year = 2014,
  journal = "Proceedings of the National Academy of Sciences of the United States of America"
}
